@misc{orcl_yahoo_finance_2025,
  title        = {Oracle Corporation (ORCL) Stock Price, News, Quote \& History},
  author       = {{Yahoo! Finance}},
  year         = {2025},
  url          = {https://finance.yahoo.com/quote/ORCL/},
  note         = {Accessed: 2025-04-20}
}

@misc{pircmi_yahoo_finance_2025,
  title        = {Pirelli \& C. S.p.A. (PIRC.MI) Stock Price, News, Quote \& History},
  author       = {{Yahoo! Finance}},
  year         = {2025},
  url          = {https://finance.yahoo.com/quote/PIRC.MI/},
  note         = {Accessed: 2025-04-20}
}

@misc{orcl_tradingview_income_2025,
  title        = {Oracle Corporation Income Statement, NYSE:ORCL},
  author       = {{TradingView}},
  year         = {2025},
  url          = {https://www.tradingview.com/symbols/NYSE-ORCL/financials-income-statement/},
  note         = {Accessed: 2025-04-20}
}

@misc{pirc_tradingview_income_2025,
  title        = {PIRELLI \& C Income Statement, MIL:PIRC},
  author       = {{TradingView}},
  year         = {2025},
  url          = {https://www.tradingview.com/symbols/MIL-PIRC/financials-income-statement/},
  note         = {Accessed: 2025-04-20}
}

@misc{investopedia_pe_ratio_nodate,
  title        = {Price-to-Earnings (P/E) Ratio: Definition, Formula, and Examples},
  author       = {{Investopedia}},
  year         = {n.d.},
  url          = {https://www.investopedia.com/terms/p/price-earningsratio.asp},
  note         = {Accessed: 2025-04-20}
}

@misc{oracle_official_history_nodate,
  title        = {Oracle History, Financial \& Shareholder Information, Recent Developments},
  author       = {{Oracle Corporation}},
  year         = {n.d.},
  url          = {https://www.oracle.com/},
  note         = {Accessed: 2025-04-20}
}

@misc{pirelli_official_history_nodate,
  title        = {Pirelli History, Financial \& Shareholder Information, Recent Developments},
  author       = {{Pirelli \& C. S.p.A.}},
  year         = {n.d.},
  url          = {https://www.pirelli.com/global/en-ww/homepage/},
  note         = {Accessed: 2025-04-20}
}

@techreport{oracle_fy2024_summary_2024,
  title        = {Oracle FY 2024 Financial Summary},
  author       = {{Oracle Corporation}},
  institution  = {Oracle Corporation},
  year         = {2024},
  month        = jun,
  url          = {https://s23.q4cdn.com/440135859/files/doc_financials/2024/q4/4q24-pressrelease-June-final.pdf},
  note         = {Accessed: 2025-04-20}
}

@misc{pirelli_interim_reports_nodate,
  title        = {Pirelli Interim Financial Reports},
  author       = {{Pirelli \& C. S.p.A.}},
  year         = {n.d.},
  url          = {https://corporate.pirelli.com/corporate/en-ww/investors/financial-publications/financial-reports},
  note         = {Accessed: 2025-04-20}
}

@misc{reuters_pirelli_tariffs_2025,
  title        = {Pirelli Works Counter Possible Tariffs, Expects 16\% EBIT Margin},
  author       = {{Reuters}},
  year         = {2025},
  month        = feb,
  day          = {26},
  url          = {https://www.reuters.com/business/autos-transportation/pirelli-works-counter-possible-tariffs-expects-16-ebit-margin-2025-02-26/},
  note         = {Accessed: 2025-04-20}
}